@misc{cern_matter_antimatter_asymmetry,
  author       = {{CERN}},
  title        = {The Matter-Antimatter Asymmetry Problem},
  year         = {2024},
  url          = {https://home.cern/science/physics/matter-antimatter-asymmetry-problem},
  note         = {Accessed: 2024-09-09},
}

@misc{DOE2024,
  author       = {{U.S. Department of Energy}},
  title        = {How Particle Accelerators Work},
  year         = {2024},
  url          = {https://www.energy.gov/articles/how-particle-accelerators-work},
  note         = {Accessed: 2024-09-09}
}
@article{robson2018,
  author    = {Robson, B.},
  title     = {The Matter-Antimatter Asymmetry Problem},
  journal   = {Journal of High Energy Physics, Gravitation and Cosmology},
  volume     = {4},
  pages      = {166--178},
  year       = {2018},
  doi        = {10.4236/jhepgc.2018.41015}
}
@misc{pasayten2021,
  title        = {The Charged Pions},
  author       = {{The Pasayten Institute}},
  year         = {2021},
  url          = {https://pasayten.org/the-field-guide-to-particle-physics/charged-pion},
  note         = {Accessed: 2024-09-09},
  howpublished = {Online article},
  copyright    = {Â©2021 The Pasayten Institute cc by-sa-4.0}
}
@misc{Christakoglou2024,
  author       = {Panos Christakoglou},
  title        = {Programming (PRA2003): Basic concepts: Variables, Loops, conditions, functions, I/O},
  year         = {2024},
  institution  = {Maastricht University},
  note         = {Maastricht University, Lecture Notes}
}
